@misc{ims-prezentace,
	author = {Petr Peringer, Martin Hrubý},
	title = {{Modelování a simulace}},
	howpublished = {\url{http://www.fit.vutbr.cz/study/courses/IMS/public/prednasky/IMS.pdf}},
	year = {2018}, 
	note = "[Online; zobrazeno 2. října 2018]"
}

@misc{simlib-dokumentace,
	author = {Petr Peringer},
	title = {{SIMLIB} dokumentace},
	howpublished = {\url{https://www.fit.vutbr.cz/~peringer/SIMLIB/doc/html-cz/}},
	year = {1997}, 
	note = "[Online; zobrazeno 28. listopadu 2018]"
}

@misc{simlib,
	author = {Petr Peringer},
	title = {{SIMLIB} - Simulation Library for {C++}},
	howpublished = {\url{https://www.fit.vutbr.cz/~peringer/SIMLIB/}},
	year = {1991}, 
	note = "[Online; zobrazeno 28. listopadu 2018]"
}

@misc{c++doc,
	title = {{C++} reference},
	howpublished = {\url{https://en.cppreference.com/w/cpp}},
	year = {2018}, 
	note = "[Online]"
}

@misc{fit-ims,
	title = {Kurz {Modelování a simulace}},
	howpublished = {\url{http://www.fit.vutbr.cz/study/course-l.php.cs?id=12760}},
	year = {2018}, 
	note = "[Online]"
}

@misc{fit,
	title = {Fakulta informačních technologií, {VUT v Brně}},
	howpublished = {\url{http://www.fit.vutbr.cz/.cs}},
	year = {2018}, 
	note = "[Online]"
}
